@ARTICLE{A96,
author = {Arimoto, N., Sofue, Y., \& Tsujimoto, T.},
title = {CO-to-{H}$_2$ Conversion Factor in Galaxies},
journal = {PASJ},
year = {1996},
volume = {48},
pages = {275--284}
}